@article{hochreiter_long_1997,
	title = {Long {Short}-{Term} {Memory}},
	volume = {9},
	issn = {0899-7667, 1530-888X},
	url = {https://www.mitpressjournals.org/doi/abs/10.1162/neco.1997.9.8.1735},
	doi = {10.1162/neco.1997.9.8.1735},
	language = {en},
	number = {8},
	urldate = {2020-10-01},
	journal = {Neural Computation},
	author = {Hochreiter, Sepp and Schmidhuber, Jürgen},
	month = nov,
	year = {1997},
	pages = {1735--1780}
}

% neural machine translation, review
@article{stahlberg_neural_2020,
	title = {Neural {Machine} {Translation}: {A} {Review} and {Survey}},
	shorttitle = {Neural {Machine} {Translation}},
	url = {http://arxiv.org/abs/1912.02047},
	urldate = {2020-10-01},
	journal = {arXiv:1912.02047 [cs]},
	author = {Stahlberg, Felix},
	month = sep,
	year = {2020},
	note = {arXiv: 1912.02047},
	keywords = {Computer Science - Computation and Language},
	file = {arXiv Fulltext PDF:/home/roland/Zotero/storage/JM7RA3TU/Stahlberg - 2020 - Neural Machine Translation A Review and Survey.pdf:application/pdf;arXiv.org Snapshot:/home/roland/Zotero/storage/NCW2YCFI/1912.html:text/html}
}

% weather forecasting
@article{shi_convolutional_2015,
	title = {Convolutional {LSTM} {Network}: {A} {Machine} {Learning} {Approach} for {Precipitation} {Nowcasting}},
	shorttitle = {Convolutional {LSTM} {Network}},
	url = {http://arxiv.org/abs/1506.04214},
	urldate = {2020-10-01},
	journal = {arXiv:1506.04214 [cs]},
	author = {Shi, Xingjian and Chen, Zhourong and Wang, Hao and Yeung, Dit-Yan and Wong, Wai-kin and Woo, Wang-chun},
	month = sep,
	year = {2015},
	note = {arXiv: 1506.04214},
	keywords = {Computer Science - Computer Vision and Pattern Recognition},
	file = {arXiv Fulltext PDF:/home/roland/Zotero/storage/CEPEEJRB/Shi et al. - 2015 - Convolutional LSTM Network A Machine Learning App.pdf:application/pdf;arXiv.org Snapshot:/home/roland/Zotero/storage/PA7INIEQ/1506.html:text/html}
}


%%%%%%%% NEURAL NETWORK ARCHITECTURES  %%%%%%%%

% prednet
@article{prednet,
	title = {{PredRNN}: {Recurrent} {Neural} {Networks} for {Predictive} {Learning} using {Spatiotemporal} {LSTMs}},
	language = {en},
	author = {Wang, Yunbo and Long, Mingsheng and Wang, Jianmin and Gao, Zhifeng and Yu, Philip S},
	pages = {10},
}

% stacked RNNs
@article{zaremba_recurrent_2015,
	title = {Recurrent {Neural} {Network} {Regularization}},
	url = {http://arxiv.org/abs/1409.2329},
	urldate = {2020-11-16},
	journal = {arXiv:1409.2329 [cs]},
	author = {Zaremba, Wojciech and Sutskever, Ilya and Vinyals, Oriol},
	month = feb,
	year = {2015},
	note = {arXiv: 1409.2329},
	keywords = {Computer Science - Neural and Evolutionary Computing},
	file = {arXiv Fulltext PDF:/home/roland/Zotero/storage/P457UKG5/Zaremba et al. - 2015 - Recurrent Neural Network Regularization.pdf:application/pdf;arXiv.org Snapshot:/home/roland/Zotero/storage/X9HAEEWW/1409.html:text/html}
}

% why stacked rnns and bi-rnns
@article{goldberg_primer_2015,
	title = {A {Primer} on {Neural} {Network} {Models} for {Natural} {Language} {Processing}},
	url = {http://arxiv.org/abs/1510.00726},
	urldate = {2020-11-16},
	journal = {arXiv:1510.00726 [cs]},
	author = {Goldberg, Yoav},
	month = oct,
	year = {2015},
	note = {arXiv: 1510.00726},
	keywords = {Computer Science - Computation and Language},
	file = {arXiv Fulltext PDF:/home/roland/Zotero/storage/HSN4L6R4/Goldberg - 2015 - A Primer on Neural Network Models for Natural Lang.pdf:application/pdf;arXiv.org Snapshot:/home/roland/Zotero/storage/GAZ93EZ9/1510.html:text/html}
}

% first bidirectional rnns
@article{schuster_bidirectional_1997,
	title = {Bidirectional recurrent neural networks},
	volume = {45},
	issn = {1053587X},
	url = {http://ieeexplore.ieee.org/document/650093/},
	doi = {10.1109/78.650093},
	language = {en},
	number = {11},
	urldate = {2020-12-02},
	journal = {IEEE Transactions on Signal Processing},
	author = {Schuster, M. and Paliwal, K.K.},
	month = nov,
	year = {1997},
	pages = {2673--2681}
}

% Barkley model
@ARTICLE{Barkley_2008,
AUTHOR = {Barkley, D. },
TITLE   = {{B}arkley model},
YEAR    = {2008},
JOURNAL = {Scholarpedia},
VOLUME  = {3},
NUMBER  = {11},
PAGES   = {1877},
DOI     = {10.4249/scholarpedia.1877},
NOTE    = {revision \#91030}
}

% Golai filter
@article{Savitzky1964SmoothingAD,
  title={Smoothing and Differentiation of Data by Simplified Least Squares Procedures.},
  author={A. Savitzky and M. Golay},
  journal={Analytical Chemistry},
  year={1964},
  volume={36},
  pages={1627-1639}
}

% gradient problem with RNNs

@article{bengio_learning_1994,
	title = {Learning long-term dependencies with gradient descent is difficult},
	volume = {5},
	issn = {1045-9227, 1941-0093},
	url = {https://ieeexplore.ieee.org/document/279181/},
	doi = {10.1109/72.279181},
	number = {2},
	urldate = {2020-11-16},
	journal = {IEEE Transactions on Neural Networks},
	author = {Bengio, Y. and Simard, P. and Frasconi, P.},
	month = mar,
	year = {1994},
	pages = {157--166},
}

% vanishing gradient problem

@article{schmidhuber_untersuchungen,
	title = {Untersuchungen zu dynamischen neuronalen {Netzen}},
	language = {de},
	author = {Schmidhuber, Dr Jurgen},
	pages = {75},
}

% nochmals
@incollection{kolen_gradient_2009,
	title = {Gradient {Flow} in {Recurrent} {Nets}: {The} {Difficulty} of {Learning} {LongTerm} {Dependencies}},
	isbn = {978-0-470-54403-7},
	shorttitle = {Gradient {Flow} in {Recurrent} {Nets}},
	url = {http://ieeexplore.ieee.org/search/srchabstract.jsp?arnumber=5264952},
	language = {en},
	urldate = {2020-11-17},
	booktitle = {A {Field} {Guide} to {Dynamical} {Recurrent} {Networks}},
	publisher = {IEEE},
	collaborator = {Kolen, John F. and Kremer, Stefan C.},
	year = {2009},
	doi = {10.1109/9780470544037.ch14},
	file = {ch7.pdf:/home/roland/Zotero/storage/9TQFGZNX/ch7.pdf:application/pdf}
}

%%%%%%%% FRAMEWORKS AND PROGRAMS %%%%%%%%

% pytorch
@incollection{pytorch,
title = {PyTorch: An Imperative Style, High-Performance Deep Learning Library},
booktitle = {Advances in Neural Information Processing Systems 32},
editor = {H. Wallach and H. Larochelle and A. Beygelzimer and F. d\textquotesingle Alch\'{e}-Buc and E. Fox and R. Garnett},
pages = {8024--8035},
year = {2019},
publisher = {Curran Associates, Inc.},
url = {http://papers.neurips.cc/paper/9015-pytorch-an-imperative-style-high-performance-deep-learning-library.pdf}
}

% torch
@inproceedings{torch,
  title = {Torch7: A Matlab-like Environment for Machine Learning},
  author = {R. Collobert and K. Kavukcuoglu and C. Farabet},
  booktitle = {BigLearn, NIPS Workshop},
  year = {2011}
}

%open cv
@article{opencv_library,
    author = {Bradski, G.},
    citeulike-article-id = {2236121},
    journal = {Dr. Dobb's Journal of Software Tools},
    keywords = {bibtex-import},
    posted-at = {2008-01-15 19:21:54},
    priority = {4},
    title = {{The OpenCV Library}},
    year = {2000}
} 

%%%%%%%% LOSS and VALIDATION %%%%%%%%

% SSIM
@ARTICLE{ssim,
  author={ {Zhou Wang} and A. C. {Bovik}},
  journal={IEEE Signal Processing Letters}, 
  title={A universal image quality index}, 
  year={2002},
  volume={9},
  number={3},
  pages={81-84},
  doi={10.1109/97.995823}}


% earth movers distance
@article{cohen_earth,
	title = {The {Earth} {Mover}’s {Distance} under {Transformation} {Sets}},
	language = {en},
	author = {Cohen, Scott and Guibas, Leonidas},
	pages = {8},
}


% Roland Zimmermann, Barkley modell

@misc{zimmermann,
  author = {Charles, P.W.D.},
  title = {Project Title},
  year = {2013},
  publisher = {GitHub},
  journal = {GitHub repository},
  howpublished = {\url{https://github.com/charlespwd/project-title}},
  commit = {4f57d6a0e4c030202a07a60bc1bb1ed1544bf679}
}


% learning rate choice


@article{wu_demystifying_2019,
	title = {Demystifying {Learning} {Rate} {Policies} for {High} {Accuracy} {Training} of {Deep} {Neural} {Networks}},
	url = {http://arxiv.org/abs/1908.06477},
	urldate = {2020-12-15},
	journal = {arXiv:1908.06477 [cs, stat]},
	author = {Wu, Yanzhao and Liu, Ling and Bae, Juhyun and Chow, Ka-Ho and Iyengar, Arun and Pu, Calton and Wei, Wenqi and Yu, Lei and Zhang, Qi},
	month = oct,
	year = {2019},
	note = {arXiv: 1908.06477},
	keywords = {Computer Science - Machine Learning, Statistics - Machine Learning}
}



@article{alonso_taming_2003,
	title = {Taming {Winfree} {Turbulence} of {Scroll} {Waves} in {Excitable} {Media}},
	volume = {299},
	issn = {00368075, 10959203},
	url = {https://www.sciencemag.org/lookup/doi/10.1126/science.1080207},
	doi = {10.1126/science.1080207},
	number = {5613},
	urldate = {2020-12-28},
	journal = {Science},
	author = {Alonso, S.},
	month = mar,
	year = {2003},
	pages = {1722--1725}
}



% Herzanatomie
@book{kreislauf,
	address = {Heidelberg},
	series = {Springer-{Lehrbuch}},
	title = {Herz-{Kreislauf}: mit 25 {Tab}},
	isbn = {978-3-642-16717-1},
	shorttitle = {Herz-{Kreislauf}},
	language = {de},
	publisher = {Springer Medizin},
	author = {Steffel, Jan and Lüscher, Thomas F. and Brunckhorst, Corinna},
	year = {2011},
	note = {OCLC: 694879718}
}


% iECG
@book{iECG,
	title = {Herz-{Kreislauf}: mit 25 {Tab}},
	publisher = {Springer},
	author = {Macfarlane, Peter W. et al.},
	year = {2010}
}

% speech recognition
@article{amodei_deep_2015,
	title = {Deep {Speech} 2: {End}-to-{End} {Speech} {Recognition} in {English} and {Mandarin}},
	shorttitle = {Deep {Speech} 2},
	month = dec,
	year = {2015},
	note = {arXiv: 1512.02595},
	keywords = {Computer Science - Computation and Language},
}

% translation
@article{liu_very_2020,
	title = {Very {Deep} {Transformers} for {Neural} {Machine} {Translation}},
	url = {http://arxiv.org/abs/2008.07772},
	urldate = {2021-01-09},
	journal = {arXiv:2008.07772 [cs]},
	author = {Liu, Xiaodong and Duh, Kevin and Liu, Liyuan and Gao, Jianfeng},
	month = oct,
	year = {2020},
	note = {arXiv: 2008.07772}
}

%alpha zero
@article{schrittwieser_mastering_2020,
	title = {Mastering {Atari}, {Go}, chess and shogi by planning with a learned model},
	volume = {588},
	issn = {0028-0836, 1476-4687},
	url = {http://www.nature.com/articles/s41586-020-03051-4},
	doi = {10.1038/s41586-020-03051-4},
	language = {en},
	number = {7839},
	urldate = {2021-01-09},
	journal = {Nature},
	author = {Schrittwieser, Julian and Antonoglou, Ioannis and Hubert, Thomas and Simonyan, Karen and Sifre, Laurent and Schmitt, Simon and Guez, Arthur and Lockhart, Edward and Hassabis, Demis and Graepel, Thore and Lillicrap, Timothy and Silver, David},
	month = dec,
	year = {2020},
	pages = {604--609}
}

% neuron basic

@article{mcculloch_logical_1943,
	title = {A logical calculus of the ideas immanent in nervous activity},
	volume = {5},
	issn = {0007-4985, 1522-9602},
	url = {http://link.springer.com/10.1007/BF02478259},
	doi = {10.1007/BF02478259},
	language = {en},
	number = {4},
	urldate = {2021-01-09},
	journal = {The Bulletin of Mathematical Biophysics},
	author = {McCulloch, Warren S. and Pitts, Walter},
	month = dec,
	year = {1943},
	pages = {115--133}
}

% Dropout

@article{srivastava_dropout_2014,
	title = {Dropout: {A} {Simple} {Way} to {Prevent} {Neural} {Networks} from {Overfitting}},
	volume = {15},
	url = {http://jmlr.org/papers/v15/srivastava14a.html},
	number = {56},
	journal = {Journal of Machine Learning Research},
	author = {Srivastava, Nitish and Hinton, Geoffrey and Krizhevsky, Alex and Sutskever, Ilya and Salakhutdinov, Ruslan},
	year = {2014},
	pages = {1929--1958}
}


% cv-example 1
@article{zhang_resnest_2020,
	title = {{ResNeSt}: {Split}-{Attention} {Networks}},
	shorttitle = {{ResNeSt}},
	url = {http://arxiv.org/abs/2004.08955},
	urldate = {2021-01-09},
	journal = {arXiv:2004.08955 [cs]},
	author = {Zhang, Hang and Wu, Chongruo and Zhang, Zhongyue and Zhu, Yi and Lin, Haibin and Zhang, Zhi and Sun, Yue and He, Tong and Mueller, Jonas and Manmatha, R. and Li, Mu and Smola, Alexander},
	month = dec,
	year = {2020},
	note = {arXiv: 2004.08955},
	keywords = {Computer Science - Computer Vision and Pattern Recognition}
}

%cv-example 2, efficientnet
@article{tan_efficientnet_2020,
	title = {{EfficientNet}: {Rethinking} {Model} {Scaling} for {Convolutional} {Neural} {Networks}},
	shorttitle = {{EfficientNet}},
	url = {http://arxiv.org/abs/1905.11946},

	urldate = {2021-01-10},
	journal = {arXiv:1905.11946 [cs, stat]},
	author = {Tan, Mingxing and Le, Quoc V.},
	month = sep,
	year = {2020},
	note = {arXiv: 1905.11946},
	keywords = {Computer Science - Computer Vision and Pattern Recognition, Computer Science - Machine Learning, Statistics - Machine Learning}
}
%cv-example 2, efficientps
@article{mohan_efficientps_2020,
	title = {{EfficientPS}: {Efficient} {Panoptic} {Segmentation}},
	shorttitle = {{EfficientPS}},
	url = {http://arxiv.org/abs/2004.02307},
	urldate = {2021-01-10},
	journal = {arXiv:2004.02307 [cs]},
	author = {Mohan, Rohit and Valada, Abhinav},
	month = may,
	year = {2020},
	note = {arXiv: 2004.02307}
}

% bn
@article{ioffe_batch_2015,
	title = {Batch {Normalization}: {Accelerating} {Deep} {Network} {Training} by {Reducing} {Internal} {Covariate} {Shift}},
	shorttitle = {Batch {Normalization}},
	url = {http://arxiv.org/abs/1502.03167},
	urldate = {2021-01-10},
	journal = {arXiv:1502.03167 [cs]},
	author = {Ioffe, Sergey and Szegedy, Christian},
	month = mar,
	year = {2015},
	note = {arXiv: 1502.03167},
	keywords = {Computer Science - Machine Learning},
}

% conformer, speech recognition

@article{han_contextnet_2020,
	title = {{ContextNet}: {Improving} {Convolutional} {Neural} {Networks} for {Automatic} {Speech} {Recognition} with {Global} {Context}},
	shorttitle = {{ContextNet}},
	url = {http://arxiv.org/abs/2005.03191},
	urldate = {2021-01-10},
	journal = {arXiv:2005.03191 [cs, eess]},
	author = {Han, Wei and Zhang, Zhengdong and Zhang, Yu and Yu, Jiahui and Chiu, Chung-Cheng and Qin, James and Gulati, Anmol and Pang, Ruoming and Wu, Yonghui},
	month = may,
	year = {2020},
	note = {arXiv: 2005.03191},
	keywords = {Computer Science - Machine Learning, Computer Science - Computation and Language, Computer Science - Sound, Electrical Engineering and Systems Science - Audio and Speech Processing},
}

% convs2s
@article{edunov_classical_2018,
	title = {Classical {Structured} {Prediction} {Losses} for {Sequence} to {Sequence} {Learning}},
	url = {http://arxiv.org/abs/1711.04956},
	urldate = {2021-01-10},
	journal = {arXiv:1711.04956 [cs]},
	author = {Edunov, Sergey and Ott, Myle and Auli, Michael and Grangier, David and Ranzato, Marc'Aurelio},
	month = oct,
	year = {2018},
	note = {arXiv: 1711.04956},
	keywords = {Computer Science - Computation and Language}
}


% MIM
@article{wu_future_2020,
	title = {Future {Video} {Synthesis} with {Object} {Motion} {Prediction}},
	url = {http://arxiv.org/abs/2004.00542},
	urldate = {2021-01-19},
	journal = {arXiv:2004.00542 [cs]},
	author = {Wu, Yue and Gao, Rongrong and Park, Jaesik and Chen, Qifeng},
	month = apr,
	year = {2020},
	note = {arXiv: 2004.00542},
	keywords = {Computer Science - Computer Vision and Pattern Recognition}
}

% Elman

@article{elman_finding_1990,
	title = {Finding {Structure} in {Time}},
	volume = {14},
	issn = {03640213},
	url = {http://doi.wiley.com/10.1207/s15516709cog1402_1},
	doi = {10.1207/s15516709cog1402_1},
	language = {en},
	number = {2},
	urldate = {2021-01-20},
	journal = {Cognitive Science},
	author = {Elman, Jeffrey L.},
	month = mar,
	year = {1990},
	pages = {179--211}
}

% Alpha Fold 2
@online{alphafold,
  author = {The AlphaFold team},
  title = {AlphaFold: a solution to a 50-year-old grand challenge in biology},
  year = 2020,
  url = {https://deepmind.com/blog/article/alphafold-a-solution-to-a-50-year-old-grand-challenge-in-biology},
  urldate = {2020-12-20}
}


% Backpropagation
@article{Rumelhart1986,
  doi = {10.1038/323533a0},
  url = {https://doi.org/10.1038/323533a0},
  year = {1986},
  month = oct,
  publisher = {Springer Science and Business Media {LLC}},
  volume = {323},
  number = {6088},
  pages = {533--536},
  author = {David E. Rumelhart and Geoffrey E. Hinton and Ronald J. Williams},
  title = {Learning representations by back-propagating errors},
  journal = {Nature}
}

% Backpropagation TT

@article{werbos_generalization_1988,
	title = {Generalization of backpropagation with application to a recurrent gas market model},
	volume = {1},
	issn = {08936080},
	url = {https://linkinghub.elsevier.com/retrieve/pii/089360808890007X},
	doi = {10.1016/0893-6080(88)90007-X},
	language = {en},
	number = {4},
	urldate = {2021-01-20},
	journal = {Neural Networks},
	author = {Werbos, Paul J.},
	month = jan,
	year = {1988},
	pages = {339--356},
}


% Adam-optimizer

@misc{adam,
Author = {Diederik P. Kingma and Jimmy Ba},
Title = {Adam: A Method for Stochastic Optimization},
Year = {2014},
Eprint = {arXiv:1412.6980},
}